@article{Schmidt2010,
    title = {{ Growth, Thermodynamics, and Electrical Properties of Silicon Nanowires † }},
    year = {2010},
    journal = {Chemical Reviews},
    author = {Schmidt, V. and Wittemann, J. V. and G{\"{o}}sele, U.},
    number = {1},
    pages = {361--388},
    volume = {110},
    doi = {10.1021/cr900141g},
    issn = {0009-2665},
    pmid = {20070117}
}

@article{Ran2011AHeterostructure,
    title = {{A Method for measuring the specific interface resistivity between two semiconductor layers and its application to a heavily doped n-type InP / GaInAs heterostructure}},
    year = {2011},
    author = {Ran, Halevy},
    number = {June}
}

@techreport{2011AHeterostructure,
    title = {{A Method for measuring the specific interface resistivity between two semiconductor layers and its application to a heavily doped n-type InP/GaInAs heterostructure}},
    year = {2011}
}

@techreport{Gonzalez-DiazAUp,
    title = {{A robust method to determine the contact resistance using the van der Pauw set up}},
    author = {Gonz{\'{a}}lez-D{\'{i}}az, G and Pastor, D and Garc{\'{i}}a-Hemme, E and Montero, D and Garc{\'{i}}a-Hernansanz, R and Olea, J and Del Prado, A and San Andr{\'{e}}s, E and M{\'{a}}rtil, I}
}

@article{PastorASpain,
    title = {{A robust method to determine the contact resistance using the van der Pauw set up . Dept . de F{\'{i}}sica Aplicada III ( Electricidad y Electr{\'{o}}nica ), Univ . Complutense de Madrid , CEI Campus Moncloa , UCM-UPM , 28040 Madrid , Spain}},
    author = {Pastor, D and Montero, D and Olea, J and Prado, A and Andr{\'{e}}s, E San and M{\'{a}}rtil, I},
    pages = {1--18}
}

@article{Card1976Aluminum-SiliconCircuits,
    title = {{Aluminum-Silicon Schottky Barriers and Ohmic Contacts in Integrated Circuits}},
    year = {1976},
    journal = {IEEE Transactions on Electron Devices},
    author = {Card, Howard C.},
    doi = {10.1109/T-ED.1976.18449},
    issn = {15579646}
}

@article{Martinsen2014BulkMicrowires,
    title = {{Bulk fabrication and properties of solar grade silicon microwires}},
    year = {2014},
    journal = {APL Materials},
    author = {Martinsen, F. A. and Ballato, J. and Hawkins, T. and Gibson, U. J.},
    number = {11},
    volume = {2},
    doi = {10.1063/1.4902140},
    issn = {2166532X}
}

@article{Li2012CharacterizationTechnique,
    title = {{Characterization of Semiconductor Surface Conductivity by Using Microscopic Four-Point Probe Technique}},
    year = {2012},
    journal = {Physics Procedia},
    author = {Li, J. C. and Wang, Y. and Ba, D. C.},
    pages = {347--355},
    volume = {32},
    isbn = {9781627487481},
    doi = {10.1016/j.phpro.2012.03.568},
    issn = {18753892},
    keywords = {Focused ion beam deposition, Microscopic four-point probes, probe fabrication, surface conductivity}
}

@article{Li2012CharacterizationTechniqueb,
    title = {{Characterization of Semiconductor Surface Conductivity by Using Microscopic Four-Point Probe Technique}},
    year = {2012},
    journal = {Physics Procedia},
    author = {Li, J. C. and Wang, Y. and Ba, D. C.},
    pages = {347--355},
    volume = {32},
    isbn = {9781627487481},
    doi = {10.1016/j.phpro.2012.03.568},
    issn = {18753892},
    keywords = {Focused ion beam deposition, Microscopic four-point probes, probe fabrication, surface conductivity}
}

@article{EpoxyTechnologyCureMatters,
    title = {{Cure Matters}},
    author = {{Epoxy Technology}},
    url = {http://www.epotek.com/site/files/brochures/pdfs/Cure_Matters_Final.pdf}
}

@article{NUTT1984DefectsWhiskers,
    title = {{Defects in Silicon Carbide Whiskers}},
    year = {1984},
    journal = {Journal of the American Ceramic Society},
    author = {NUTT, S. R.},
    number = {6},
    pages = {428--431},
    volume = {67},
    doi = {10.1111/j.1151-2916.1984.tb19730.x},
    issn = {15512916}
}

@article{Engel2016DirectPhotosynthesis,
    title = {{Direct contact four-point probe characterization of Si microwire absorbers for artificial photosynthesis}},
    year = {2016},
    journal = {RSC Advances},
    author = {Engel, J. T. and Blaikie, B. E. and Kumar, A. and Casta{\~{n}}eda, A. and Gupta, A. and Oliver, D. R.},
    doi = {10.1039/c6ra23534d},
    issn = {20462069}
}

@article{Postek2015DoesMitigation,
    title = {{Does your SEM really tell the truth? How would you know? Part 4: Charging and its mitigation}},
    year = {2015},
    journal = {Scanning Microscopies 2015},
    author = {Postek, Michael T. and Vlad{\'{a}}r, András E.},
    pages = {963605},
    volume = {9636},
    isbn = {978-0-8194-9056-8},
    doi = {10.1117/12.2195344},
    issn = {0277-786X},
    pmid = {28663665}
}

@misc{Huang1997EffectSuperalloy,
    title = {{Effect of small amount of nitrogen on carbide characteristics in unidirectional Ni-base superalloy}},
    year = {1997},
    booktitle = {Metallurgical and Materials Transactions A: Physical Metallurgy and Materials Science},
    author = {Huang, Xuebing and Zhang, Yun and Liu, Yulin and Hu, Zhuangqi},
    number = {10},
    pages = {2143--2147},
    volume = {28},
    isbn = {0000000154871},
    doi = {10.1007/s11661-997-0172-9},
    issn = {10735623},
    pmid = {27935037},
    arxivId = {arXiv:physics/0608246v3},
    archivePrefix = {arXiv},
    eprint = {0608246v3},
    primaryClass = {physics}
}

@article{Kasl2005EffectsMeasurements,
    title = {{Effects of sample thickness on the van der Pauw technique for resistivity measurements}},
    year = {2005},
    journal = {Review of Scientific Instruments},
    author = {Kasl, C. and Hoch, M. J R},
    isbn = {00346748},
    doi = {10.1063/1.1866232},
    issn = {00346748}
}

@techreport{LapointeElectricalFibres,
    title = {{Electrical Characterization of Silicon Cores from Glass-Cladded Fibres}},
    author = {Lapointe, Kyle}
}

@article{Press1968FourSemiconductor,
    title = {{Four point probe on cylindrical semiconductor}},
    year = {1968},
    author = {Press, Pergamon and Britain, Great and Then, Let},
    pages = {787--789},
    volume = {11}
}

@misc{Schroder2006FourMeasurements,
    title = {{Four Point Probe Resistivity Measurements}},
    year = {2006},
    booktitle = {Pveducation.Org},
    author = {Schroder, Dieter},
    url = {http://www.pveducation.org/biblio?f[author]=205}
}

@article{Ilse2014GeometricalMeasurements,
    title = {{Geometrical correction factors for finite-size probe tips in microscopic four-point-probe resistivity measurements}},
    year = {2014},
    journal = {Journal of Applied Physics},
    author = {Ilse, Klemens and T{\"{a}}nzer, Tommy and Hagendorf, Christian and Turek, Marko},
    number = {22},
    volume = {116},
    doi = {10.1063/1.4903964},
    issn = {10897550}
}

@article{Ilse2014GeometricalMeasurementsb,
    title = {{Geometrical correction factors for finite-size probe tips in microscopic four-point-probe resistivity measurements}},
    year = {2014},
    journal = {Journal of Applied Physics},
    author = {Ilse, Klemens and T{\"{a}}nzer, Tommy and Hagendorf, Christian and Turek, Marko},
    doi = {10.1063/1.4903964},
    issn = {10897550}
}

@article{Park2010Geometry-Nanowires,
    title = {{Geometry- and size-dependence of electrical properties of metal contacts on semiconducting nanowires}},
    year = {2010},
    journal = {Journal of Applied Physics},
    author = {Park, Hongsik and Beresford, Roderic and Hong, Seungbum and Xu, Jimmy},
    doi = {10.1063/1.3499698},
    issn = {00218979}
}

@article{Mayer1984GoldDevices,
    title = {{Gold contacts to semiconductor devices}},
    year = {1984},
    journal = {Gold Bulletin},
    author = {Mayer, James W.},
    number = {1},
    pages = {18--26},
    volume = {17},
    doi = {10.1007/BF03214672},
    issn = {00171557}
}

@article{Rose2015GrindingPolishing,
    title = {{Grinding and Polishing}},
    year = {2015},
    journal = {Scientific American},
    author = {Rose, Joshua},
    number = {31supp},
    pages = {488--489},
    volume = {2},
    doi = {10.1038/scientificamerican07291876-488csupp},
    issn = {0036-8733}
}

@article{Kristin_thesis_final,
    title = {{kristin{\_}thesis{\_}final}}
}

@book{D.K.Schroder2006MATERIALEdition,
    title = {{MATERIAL AND DEVICE SEMICONDUCTOR MATERIAL AND DEVICE Third Edition}},
    year = {2006},
    booktitle = {Physics Today},
    author = {{D. K. Schroder}},
    number = {4},
    pages = {790},
    volume = {44},
    url = {http://www.wiley.com/WileyCDA/WileyTitle/productCd-0471739065.html},
    isbn = {9780471739067},
    doi = {10.1063/1.2810086},
    issn = {00319228},
    arxivId = {arXiv:cond-mat/0408133v1},
    archivePrefix = {arXiv},
    eprint = {0408133v1},
    primaryClass = {cond-mat}
}

@article{Series2005MeasuringSource,
    title = {{Measuring the Resistivity and Determining the Conductivity Type of Semiconductor Materials Using a Four-Point Collinear Probe and the Model 6221 DC and AC Current Source}},
    year = {2005},
    journal = {Source},
    author = {Series, Application Note},
    number = {2615},
    pages = {1--4},
    isbn = {8135733755},
    doi = {10.1007/s10654-011-9558-5}
}

@techreport{RhoderickMetal-SemiconductorEDITION,
    title = {{Metal-Semiconductor Contacts SECOND EDITION}},
    author = {Rhoderick, E H and Williams, R H}
}

@misc{Method_E.Pdf,
    title = {{Method{\_}E.Pdf}}
}

@article{NoTitle,
    title = {{No Titleヒドロキシアパタイト超微細結晶の水熱合成}}
}

@article{Lieten2008OhmicGe,
    title = {{Ohmic contact formation on n-type Ge}},
    year = {2008},
    journal = {Applied Physics Letters},
    author = {Lieten, R. R. and Degroote, S. and Kuijk, M. and Borghs, G.},
    number = {2},
    pages = {2006--2009},
    volume = {92},
    doi = {10.1063/1.2831918},
    issn = {00036951}
}

@article{Northrop1971OhmicSilicon,
    title = {{Ohmic contacts between evaporated aluminium and n-type silicon}},
    year = {1971},
    journal = {Nuclear Instruments and Methods},
    author = {Northrop, D. C. and Puddy, D. C.},
    doi = {10.1016/0029-554X(71)90021-8},
    issn = {0029554X}
}

@article{Gallacher2012OhmicResistivity,
    title = {{Ohmic contacts to n-type germanium with low specific contact resistivity}},
    year = {2012},
    journal = {Applied Physics Letters},
    author = {Gallacher, K. and Velha, P. and Paul, D. J. and MacLaren, I. and Myronov, M. and Leadley, D. R.},
    number = {2},
    pages = {1--4},
    volume = {100},
    doi = {10.1063/1.3676667},
    issn = {00036951}
}

@article{Nelson1996OhmicSilicon-germanium,
    title = {{Ohmic contacts to n-type silicon-germanium}},
    year = {1996},
    journal = {Applied Physics Letters},
    author = {Nelson, S. F. and Jackson, T. N.},
    doi = {10.1063/1.117246},
    issn = {00036951}
}

@article{Nelson1996OhmicSilicongermanium,
    title = {{Ohmic contacts to n‐type silicon‐germanium}},
    year = {1996},
    journal = {Applied Physics Letters},
    author = {Nelson, S F and Jackson, T N},
    number = {23},
    pages = {3563--3565},
    volume = {69},
    url = {https://doi.org/10.1063/1.117246},
    doi = {10.1063/1.117246}
}

@techreport{SemiconductorResistivitySilicon,
    title = {{Resistivity and Carrier Transport Parameters in Silicon}},
    author = {Semiconductor, Virginia},
    url = {www.vriginiasemi.com,}
}

@techreport{ValdestResistivityTransistors,
    title = {{Resistivity Measurements on Germanium for Transistors*}},
    author = {Valdest, L B}
}

@article{vanOpdorp1969Si-GeHeterojunctions,
    title = {{Si-Ge Isotype Heterojunctions}},
    year = {1969},
    author = {van Opdorp, C. J. M.},
    number = {1969},
    pages = {108},
    doi = {10.6100/IR137472}
}

@techreport{Song2017Si/GaSbFiber,
    title = {{Si/GaSb Micro Core Glass fiber}},
    year = {2017},
    author = {Song, Seunghan},
    keywords = {Master's Thesis, NTNU}
}

@article{Peacock2016SiliconFuture,
    title = {{Silicon optical fibres–past, present, and future}},
    year = {2016},
    journal = {Advances in Physics: X},
    author = {Peacock, A. C. and Gibson, U. J. and Ballato, J.},
    number = {1},
    pages = {114--127},
    volume = {1},
    publisher = {Taylor {\&} Francis},
    url = {http://dx.doi.org/10.1080/23746149.2016.1146085},
    doi = {10.1080/23746149.2016.1146085},
    issn = {23746149},
    keywords = {42.70.Nq: Optical Materials: Other nonlinear optic, 42.81.Bm: Fiber optics: Fabrication, cladding, and, 42.81.Dp: Fiber optics: Propagation, scattering, a, 81.05.Cy: Materials science: Elemental semiconduct, Optical fibres, fibre fabrication, fibre materials, semiconductor materials, silicon photonics}
}

@article{Lueth2010SolidFilms,
    title = {{Solid Surfaces, Interfaces and Thin Films}},
    year = {2010},
    journal = {Chemistry {\&}amp;},
    author = {Lueth, Hans},
    pages = {577},
    url = {http://www.springerlink.com/index/10.1007/978-3-642-13592-7%5Cnhttp://onlinelibrary.wiley.com/doi/10.1002/cbdv.200490137/abstract%5Cnhttp://books.google.com/books?hl=en&amp;lr=&amp;id=j2Ieg3y2lqUC&amp;oi=fnd&amp;pg=PR5&amp;dq=Solid+Surfaces,+Interfaces+an},
    isbn = {978-3-642-13591-0},
    doi = {10.1007/978-3-642-13592-7},
    issn = {1098-6596},
    pmid = {25246403},
    arxivId = {arXiv:1011.1669v3},
    keywords = {and advanced-level, both pure and applied, duate texts in physics, fields within physics, graduate texts in physics, of current and emerging, publishes core learning, teaching material for graduate-, undergraduate courses on topics}
}

@article{J.Bardeen1947SurfaceContact,
    title = {{Surface states and rectification at metal-semiconductor contact}},
    year = {1947},
    journal = {Physical review},
    author = {{J. Bardeen}},
    number = {10},
    pages = {717--727},
    volume = {71},
    isbn = {978-0-08-006511-3},
    doi = {10.1103/PhysRev.71.717},
    issn = {0031-899X},
    pmid = {25246403},
    arxivId = {arXiv:1011.1669v3},
    keywords = {John Bardeen}
}

@article{Olesinski1984TheArt3A10.10072FBF02868957.pdf,
    title = {{The Ge{\&}{\#}x2212;Si (Germanium-Silicon) system - art{\%}3A10.1007{\%}2FBF02868957.pdf}},
    year = {1984},
    journal = {Bulletin of Alloy Phase Diagrams},
    author = {Olesinski, R. W. and Abbaschian, G. J.},
    number = {2},
    pages = {180--183},
    volume = {5}
}

@article{Mansfield1956The9,
    title = {{The hall effect in semiconductors [9]}},
    year = {1956},
    journal = {Proceedings of the Physical Society. Section B},
    author = {Mansfield, R.},
    number = {8},
    pages = {862--865},
    volume = {69},
    doi = {10.1088/0370-1301/69/8/122},
    issn = {03701301}
}